<?xml version="1.0" encoding="UTF-8"?><collection xmlns="http://www.loc.gov/MARC21/slim"><record><leader>00383nam--2200133-i-4500</leader><controlfield tag="001">000023114</controlfield><controlfield tag="002">20161230</controlfield><controlfield tag="005">20161230201034</controlfield><controlfield tag="008">060222s1000------------r-----000-0-eng-d</controlfield><datafield ind1=" " ind2=" " tag="080"><subfield code="a">681.3.06(043):77(043)</subfield></datafield><datafield ind1=" " ind2=" " tag="100"><subfield code="a">Haralick, Robert Martin</subfield></datafield><datafield ind1=" " ind2=" " tag="245"><subfield code="a">Multi-image pattern recognition:ideas and resuts.thesis</subfield></datafield><datafield ind1=" " ind2=" " tag="260"><subfield code="a">An Rbor, Michigan, Univ.Microfilms,1970.207 P</subfield></datafield><datafield ind1=" " ind2=" " tag="852"><subfield code="a">36101</subfield></datafield></record></collection>